@article{sample2023,
  author = {Author, A.},
  title = {Sample Article Title},
  journal = {Sample Journal},
  year = {2023},
  volume = {1},
  number = {1},
  pages = {1-10},
  publisher = {Sample Publisher}
}

@book{samplebook2023,
  author = {Author, B.},
  title = {Sample Book Title},
  year = {2023},
  publisher = {Sample Publisher}
}

@inproceedings{sampleconference2023,
  author = {Author, C.},
  title = {Sample Conference Paper Title},
  booktitle = {Proceedings of the Sample Conference},
  year = {2023},
  pages = {100-110}
}

@inproceedings{pyannote,
  title={pyannote.audio: neural building blocks for speaker diarization},
  author={Bredin, Herv{\'e} and Laurent, Antoine and Lechasseur, Pierre and Gelly, Guillaume and Morin, Emmanuel},
  booktitle={ICASSP 2020-2020 IEEE International Conference on Acoustics, Speech and Signal Processing (ICASSP)},
  pages={7124--7128},
  year={2020},
  organization={IEEE}
}